<record><leader>00000cas a2200000 a 4500</leader><controlfield tag="001">15862980</controlfield><controlfield tag="008">870608d18uu1908inucr ne      0    0eng c</controlfield><datafield ind1=" " ind2=" " tag="010"><subfield code="a">sn 87056041 </subfield></datafield><datafield ind1=" " ind2=" " tag="040"><subfield code="a">NPI</subfield><subfield code="b">eng</subfield><subfield code="c">NPI</subfield><subfield code="d">OCLCQ</subfield><subfield code="d">IUL</subfield><subfield code="d">OCLCF</subfield><subfield code="d">IUL</subfield></datafield><datafield ind1=" " ind2=" " tag="042"><subfield code="a">pcc</subfield></datafield><datafield ind1=" " ind2=" " tag="043"><subfield code="a">n-us-in</subfield></datafield><datafield ind1="0" ind2=" " tag="130"><subfield code="a">Logansport reporter (Logansport, Ind. : Semiweekly)</subfield></datafield><datafield ind1="1" ind2="0" tag="245"><subfield code="a">Logansport reporter.</subfield></datafield><datafield ind1="3" ind2="0" tag="246"><subfield code="a">Logansport weekly reporter</subfield></datafield><datafield ind1="3" ind2="0" tag="246"><subfield code="a">Logansport semi-weekly reporter</subfield></datafield><datafield ind1=" " ind2=" " tag="260"><subfield code="a">Logansport, Ind. :</subfield><subfield code="b">J.E. Sutton,</subfield><subfield code="c">-1908.</subfield></datafield><datafield ind1=" " ind2=" " tag="300"><subfield code="a">volumes</subfield></datafield><datafield ind1=" " ind2=" " tag="310"><subfield code="a">Semiweekly</subfield></datafield><datafield ind1="0" ind2=" " tag="362"><subfield code="a">-v. 38, no. 39 (Feb. 7, 1908).</subfield></datafield><datafield ind1=" " ind2=" " tag="500"><subfield code="a">Alternate issues titled: Logansport weekly reporter; Logansport semi-weekly reporter.</subfield></datafield><datafield ind1=" " ind2=" " tag="500"><subfield code="a">Weekly edition &lt;1898&gt;.</subfield></datafield><datafield ind1=" " ind2=" " tag="588"><subfield code="a">Description based on: Vol. 17, no. 38 (February 8, 1898); title from masthead.</subfield></datafield><datafield ind1=" " ind2="0" tag="651"><subfield code="a">Logansport (Ind.)</subfield><subfield code="v">Newspapers.</subfield></datafield><datafield ind1=" " ind2="0" tag="651"><subfield code="a">Cass County (Ind.)</subfield><subfield code="v">Newspapers.</subfield></datafield><datafield ind1=" " ind2="7" tag="651"><subfield code="a">Indiana</subfield><subfield code="z">Cass County.</subfield><subfield code="2">fast</subfield><subfield code="0">(OCoLC)fst01206116</subfield></datafield><datafield ind1=" " ind2="7" tag="651"><subfield code="a">Indiana</subfield><subfield code="z">Logansport.</subfield><subfield code="2">fast</subfield><subfield code="0">(OCoLC)fst01206115</subfield></datafield><datafield ind1=" " ind2="7" tag="655"><subfield code="a">Newspapers.</subfield><subfield code="2">fast</subfield><subfield code="0">(OCoLC)fst01423814</subfield></datafield><datafield ind1=" " ind2=" " tag="752"><subfield code="a">United States</subfield><subfield code="b">Indiana</subfield><subfield code="c">Cass</subfield><subfield code="d">Logansport.</subfield></datafield><datafield ind1="1" ind2=" " tag="775"><subfield code="t">Logansport reporter (Logansport, Ind. : Daily)</subfield><subfield code="w">(DLC)sn 87056033</subfield><subfield code="w">(OCoLC)15796852</subfield></datafield><datafield ind1="1" ind2=" " tag="775"><subfield code="t">Logansport daily reporter (Logansport, Ind. : 1896)</subfield><subfield code="w">(DLC)sn 87056034</subfield><subfield code="w">(OCoLC)15862859</subfield></datafield><datafield ind1="0" ind2="0" tag="785"><subfield code="t">Logansport weekly reporter</subfield><subfield code="w">(DLC)sn 87056036</subfield><subfield code="w">(OCoLC)15861440</subfield></datafield><datafield ind1="4" ind2="1" tag="856"><subfield code="u">https://access.newspaperarchive.com/us/indiana/logansport/logansport-weekly-reporter/</subfield></datafield><datafield ind1="4" ind2="1" tag="856"><subfield code="u">https://access.newspaperarchive.com/us/indiana/logansport/logansport-journal-tribune</subfield></datafield><datafield ind1="4" ind2="1" tag="856"><subfield code="u">https://access.newspaperarchive.com/us/indiana/logansport/logansport-semi-weekly-reporter/</subfield></datafield></record>